@inproceedings{alon03clustering,
  author    = {Alon, J. and Sclaroff, S. and Kollios, G. and Pavlovic,
                  V.},
  title     = {{D}iscovering clusters in motion time-series data},
  booktitle = {{I}{E}{E}{E} {I}nternational {C}onference on {C}omputer
                  {V}ision and {P}attern {R}ecognition ({C}{V}{P}{R})},
  year      = {2003},
  pages     = {375--381},
}

@inproceedings{andrade06crowd,
  author    = {Andrade, Ernesto L. and Blunsden, Scott and Fisher,
                  Robert B.},
  title     = {{M}odelling {C}rowd {S}cenes for {E}vent {D}etection},
  booktitle = {{I}{E}{E}{E} {I}nternational {C}onference on {P}attern
                  {R}ecognition ({I}{C}{P}{R})},
  year      = {2006},
  pages     = {175--178},
}

@mastersthesis{anh08thesis,
  author = {Anh, D. T.},
  title  = {{A}bnormal {B}ehavior {D}etection using {S}tar {S}keleton},
  school = {{C}omputer {S}cience and {I}nformation {M}anagement
                  ({C}{S}{I}{M}), {A}sian {I}nstitute of {T}echnology
                  ({A}{I}{T})},
  year   = {2008}
}

@inproceedings{arsic07behavior,
  author    = {Arsi{\'c}, D. and Schuller, B. and Rigoll, G.},
  title     = {{S}uspicious {B}ehavior {D}etection in {P}ublic
                  {T}ransport by {F}usion of {L}ow-{L}evel {V}ideo
                  {D}escriptors},
  booktitle = {{I}{E}{E}{E} {I}nternational {C}onference on
                  {M}ultimedia and {E}xpo ({I}{C}{M}{E})},
  year      = {2007},
  pages     = {2018--2021}
}

@inproceedings{bahl86speech,
  author    = {Bahl, L. and Brown, P. and de Souza, P. and Mercer, R.},
  title     = {Maximum mutual information estimation of hidden
                  {M}arkov model parameters for speech recognition},
  booktitle = {{I}{E}{E}{E} {I}nternational {C}onference on
                  {A}coustics, {S}peech, and {S}ignal {P}rocessing
                  ({I}{C}{A}{S}{S}{P})},
  year      = {1986},
  pages     = {49--52}
}

@misc{bedecs09securecam,
  author = {Vladimir Bedecs},
  title  = {{S}ecure{C}am},
  year   = {2009},
  note   = {Open source software available at
                  \url{http://sourceforge.net/projects/securecam}}
}

@article{bicego09classification,
  author    = {Bicego, Manuele and Pekalska, Elbieta and Tax, David
                  M. J. and Duin, Robert P. W.},
  title     = {{C}omponent-based discriminative classification for
                  hidden {M}arkov models},
  journal   = {{P}attern {R}ecognition ({P}{R})},
  year      = {2009},
  volume    = {42},
  pages     = {2637--2648},
  publisher = {Elsevier}
}

@article{bilmes98em,
  author = {Bilmes, J. A.},
  title  = {{A} {G}entle {T}utorial of the {EM} {A}lgorithm and its
                  {A}pplication to {P}arameter {E}stimation for
                  {G}aussian {M}ixture and {H}idden {M}arkov {M}odels},
  year   = {1988}
}

@book{bishop06prml,
  author    = {Christopher M. Bishop},
  title     = {Pattern Recognition and Machine Learning (Information
                  Science and Statistics)},
  publisher = {Springer-Verlag},
  year      = {2006},
  address   = {Secaucus, NJ, USA},
  isbn      = {0387310738}
}

@inproceedings{bodor03recognition,
    author    = {Robert Bodor and Bennett Jackson and Nikolaos
                  Papanikolopoulos},
    title     = {Vision-based human tracking and activity recognition},
    booktitle = {{M}editerranean {C}onference on {C}ontrol and
                  {A}utomation ({M}{E}{D})},
    year      = {2003},
    pages     = {18--20},
}

@inproceedings{bose07fragmentation,
  author    = {Bose, B. and Xiaogang Wang and Grimson, E.},
  title     = {Multi-class object tracking algorithm that handles
                  fragmentation and grouping},
  booktitle = {{I}{E}{E}{E} {I}nternational {C}onference on {C}omputer
                  {V}ision and {P}attern {R}ecognition ({C}{V}{P}{R})},
  year      = {2007},
  pages     = {1--8}
}

@article{brand00momchmm,
  author    = {Brand, M. and Kettnaker, V.},
  title     = {{D}iscovery and {S}egmentation of {A}ctivities in
                  {V}ideo},
  journal   = {{I}{E}{E}{E} {T}ransactions on {P}attern {A}nalysis and
                  {M}achnie {I}ntelligence ({P}{A}{M}{I})},
  year      = {2000},
  volume    = {22},
  pages     = {844--851},
  publisher = {IEEE Computer Society}
}

@inproceedings{brand97chmm,
  author    = {Brand, M. and Oliver, N. and Pentland, A.},
  title     = {{C}oupled hidden {M}arkov models for complex action
                  recognition},
  booktitle = {{I}{E}{E}{E} {I}nternational {C}onference on {C}omputer
                  {V}ision and {P}attern {R}ecognition ({C}{V}{P}{R})},
  year      = {1997},
  pages     = {994--999}
}

@inproceedings{burbeck04adwice,
  author    = {Burbeck, Kalle and Nadjm-Tehrani, Simin},
  title     = {{A}{D}{W}{I}{C}{E} - anomaly detection with real-time
                  incremental clustering},
  booktitle = {{I}nternational {C}onference on {I}nformation
                  {S}ecurity and {C}ryptology ({I}{C}{I}{S}{C})},
  year      = {2004},
  publisher = {Springer-Verlag},
}

@article{burbeck07incremental,
  author    = {Burbeck, Kalle and Nadjm-Tehrani, Simin},
  title     = {{A}daptive real-time anomaly detection with incremental
                  clustering},
  journal   = {{I}nf.\ {S}ecur.\ {T}ech.\ {R}ep.},
  volume    = {12},
  year      = {2007},
  pages     = {56--67},
  publisher = {Elsevier},
}

@techreport{ekman08incremental,
  author      = {J. Ekman and A. Holst.},
  title       = {{I}ncremental stream clustering and anomaly
                  detection},
  institution = {{S}{I}{C}{S} {T}echnical {R}eport {T}2008:01},
  year        = {2008},
  owner       = {Swedish Institute of Computer Science, Kista, Sweden}
}

@article{vasquez09incremental,
  author    = {Vasquez, Dizan and Fraichard, Thierry and Laugier,
                  Christian},
  title     = {{G}rowing {H}idden {M}arkov {M}odels: {A}n
                  {I}ncremental {T}ool for {L}earning and {P}redicting
                  {H}uman and {V}ehicle {M}otion},    
  publisher = {Sage Publications},
  pages     = {1486--1506},
  journal   = {{I}nternational {J}ournal of {R}obotics {R}esearch
                  ({I}{J}{R}{R})},
  volume    = {28},
  number    = {11--12},
  year      = {2009},
}

@inproceedings{kulic10incremental, 
  author    = {Kuli\'c and, D. and Nakamura, Y.}, 
  booktitle = {{I}nternational {C}onference on {I}ntelligent {R}obots
                  and {S}ystems ({I}{R}{O}{S})}, 
  title     = {{I}ncremental learning of human behaviors using
                  hierarchical hidden {M}arkov models}, 
  year      = {2010}, 
  pages     = {4649--4655}, 
}

@article{ren08incremental,
  author    = {Fei Ren and Liang Hu and Hao Liang and Xiaobo Liu and
                  Weiwu Ren},
  title     = {{U}sing {D}ensity-{B}ased {I}ncremental {C}lustering
                  for {A}nomaly {D}etection},
  journal   = {{I}nternational {C}onference on {C}omputer {S}cience
                  and {S}oftware {E}ngineering ({C}{S}{S}{E})},
  volume    = {3},
  year      = {2008},
  pages     = {986--989},
  publisher = {IEEE Computer Society},
}

@inproceedings{zhong08incremental, 
  author    = {Cheng Zhong and Na Li}, 
  title     = {{I}ncremental {C}lustering {A}lgorithm for {I}ntrusion
                  {D}etection {U}sing {C}lonal {S}election}, 
  booktitle = {{P}acific-{A}sia {W}orkshop on {C}omputational
                  {I}ntelligence and {I}ndustrial {A}pplication
                  ({P}{A}{C}{I}{I}{A})},
  year      = {2008}, 
  pages     = {326--331}, 
}

@article{byrne00nonmonotonic,
  author  = {Byrne, W. and Gunawardana, A.},
  title   = {Comments on ``Efficient training algorithms for
                  {H}{M}{M}s using incremental estimation"},
  journal = {{I}{E}{E}{E} {T}ransactions on {S}peech and {A}udio
                  {P}rocessing ({S}{A}{P})},
  year    = {2000},
  volume  = {8},
  pages   = {751--754}
}

@inproceedings{cao04motion,
  author    = {Dongwei Cao and Osama T. Masoud and Daniel Boley and
                  Nikolaos Papanikkolopoulos},
  title     = {Online Motion Classification using Support Vector
                  Machines},
  booktitle = {{I}{E}{E}{E} {I}nternational {C}onference on {R}obotics
                  and {A}utomation ({I}{C}{R}{A})},
  year      = {2004},
  pages     = {2291--2296}
}

@inproceedings{cavalin08handwritten,
  author    = {Cavalin, P. R. and Sabourin, R. and Suen, C. Y. and
                  Britto Jr., A. S.},
  title     = {{E}valuation of {I}ncremental {L}earning {A}lgorithms
                  for {A}n {H}{M}{M}-{B}ased {H}andwritten {I}solated
                  {D}igits {R}ecognizer},
  booktitle = {{I}nternational {C}onference on {F}rontiers in
                  {H}andwriting {R}ecognition ({I}{C}{F}{H}{R})},
  year      = {2008}
}

@article{cavalin08incremental,
  author  = {Paulo R. Cavalin and Robert Sabourin and Ching Y. Suen
                  and Alceu S. Britto Jr.},
  title   = {{E}valuation of incremental learning algorithms for
                  {H}{M}{M} in the recognition of alphanumeric
                  characters},
  journal = {{P}attern {R}ecognition ({P}{R})},
  year    = {2008},
  volume  = {42},
  pages   = {3241--3253}
}

@inproceedings{chan04event,
  author    = {Michael T. Chan and Anthony Hoogs and John Schmiederer
                  and Michael Petersen},
  title     = {{D}etecting {R}are {E}vents in {V}ideo {U}sing
                  {S}emantic {P}rimitives with {H}{M}{M}},
  booktitle = {{I}{E}{E}{E} {I}nternational {C}onference on {P}attern
                  {R}ecognition ({I}{C}{P}{R})},
  year      = {2004},
  volume    = {4},
  pages     = {150--154}
}

@manual{CC01a,
  title  = {{LIBSVM}: a library for support vector machines},
  author = {Chih-Chung Chang and Chih-Jen Lin},
  year   = {2001},
  note   = {Software available at
                  \url{http://www.csie.ntu.edu.tw/~cjlin/libsvm}}
}

@inproceedings{chu02dtw,
  author    = {Chu, S. and Keogh, E. and Hart, D. and Pazzani, M.},
  title     = {Iterative deepening dynamic time warping for time
                  series},
  booktitle = {{S}{I}{A}{M} {I}nternational {C}onference on {D}ata
                  {M}ining},
  year      = {2002}
}

@inproceedings{cucchiara01shadow,
  author    = {Cucchiara, R. and Grana, C. and Piccardi, M. and Prati,
                  A.},
  title     = {Detecting Objects, Shadows and Ghosts in Video Streams
                  by Exploiting Color and Motion Information},
  booktitle = {{I}nternational {C}onference on {I}mage {A}nalysis and
                  {P}rocessing ({I}{C}{I}{A}{P})},
  year      = {2001},
  pages     = {360--365}
}

@inproceedings{davis97mhi,
  author    = {James W. Davis and Aaron F. Bobick},
  title     = {The representation and recognition of action using
                  temporal templates},
  booktitle = {{I}{E}{E}{E} {I}nternational {C}onference on {C}omputer
                  {V}ision and {P}attern {R}ecognition ({C}{V}{P}{R})},
  year      = {1997},
  pages     = {928--934}
}

@article{bobick01recognition,
    author    = {Bobick, Aaron F. and Davis, James W.},
    title     = {The Recognition of Human Movement Using Temporal Templates},
    journal   = {{I}{E}{E}{E} {T}ranssactions on {P}attern {A}nalysis and 
                    {M}achine {I}ntelligence ({P}{A}{M}{I})},
    volume    = {23},
    number    = {3},
    year      = {2001},
    pages     = {257--267},
    publisher = {IEEE Computer Society},
} 

@inproceedings{davis98activity,
  author    = {Larry S. Davis and Fejes, Sandor and Harwood, David and
                  Yacoob, Yaser and Haratoglu, Ismail and Black,
                  Michael J.},
  title     = {{V}isual {S}urveillance of {H}uman {A}ctivity},
  booktitle = {{A}sian {C}onference on {C}omputer {V}ision ({A}{C}{C}{V})},
  year      = {1998},
  pages     = {267--274}
}

@misc{genie,
  author = {Decision Systems Laboratory, University of Pittsburgh},
  title  = {{G}e{N}{I}e},
  year   = {2009},
  note   = {Information available at \url{http://genie.sis.pitt.edu}}
}

@article{dempster77em,
  author  = {Dempster, A. P. and Laird, N. M. and Rubin, D. B.},
  title   = {Maximum-likelihood from incomplete data via the {EM}
                  algorithm},
  journal = {{J}ournal of {R}oyal {S}tatistical {S}ociety {B}},
  year    = {1977},
  volume  = {39},
  pages   = {1-38}
}

@inproceedings{du06activity,
  author    = {Du, Youtian and Chen, Feng and Xu, Wenli and Li,
                  Yongbin},
  title     = {{R}ecognizing {I}nteraction {A}ctivities using
                  {D}ynamic {B}ayesian {N}etwork},
  booktitle = {{I}{E}{E}{E} {I}nternational {C}onference on {P}attern
                  {R}ecognition ({I}{C}{P}{R})},
  year      = {2006},
  pages     = {618--621}
}

@misc{dvtel,
  author = {DVTel, Inc.},
  title  = {{V}ideo {A}nalytics},
  year   = {2009},
  note   = {Available at \url{http://www.ioimage.com}}
}

@inproceedings{larrahondo05incremental,
  author    = {German Florez-Larrahondo and Susan Bridges and Eric
                  A. Hansen},
  title     = {{I}ncremental {E}stimation of {D}iscrete {H}idden
                  {M}arkov {M}odels {B}ased on a {N}ew {B}ackward
                  {P}rocedure},
  booktitle = {{N}ational {C}onference on {A}rtificial {I}ntelligence
                  ({A}{A}{A}{I})},
  year      = {2005},
  volume    = {2},
  pages     = {758--763},
  publisher = {AAAI Press}
}

@inproceedings{forney73viterbi,
  author    = {Forney, G.D., Jr.},
  title     = {{T}he {V}iterbi algorithm},
  booktitle = {{P}roceedings of the {I}{E}{E}{E}},
  year      = {1973},
  volume    = {61},
  pages     = {268--278}
}

@inproceedings{gao04dining,
  author    = {Jiang Gao and Hauptmann, A. G. and Bharucha, A.  and
                  Wactlar, H.D.},
  title     = {{D}ining {A}ctivity {A}nalysis {U}sing a {H}idden
                  {M}arkov {M}odel},
  booktitle = {{I}{E}{E}{E} {I}nternational {C}onference on
                  {P}attern {R}ecognition ({I}{C}{P}{R})},
  year      = {2004},
  volume    = {2},
  pages     = {915--918}
}

@mastersthesis{shashi10thesis,
  author = {Shashi Gharti},
  title  = {{L}eft {L}uggage {D}etection and {T}racking using
                  {A}ppearance {M}odel},
  school = {{C}omputer {S}cience and {I}nformation {M}anagement
                  ({C}{S}{I}{M}), {A}sian {I}nstitue of {T}echnology
                  ({A}{I}{T})},
  year   = {2010}
}

@inproceedings{girondel04tracking,
  author    = {Girondel, V. and Caplier, A. and Bonnaud, L.},
  title     = {{R}eal time tracking of multiple persons by {K}alman
                  filtering and face pursuit for multimedia
                  applications},
  booktitle = {{I}{E}{E}{E} {S}outhwest {S}ymposium on {I}mage
                  {A}nalysis and {I}nterpretation ({I}{A}{I})},
  year      = {2004},
  pages     = {201--205}
}

@inproceedings{gong03activity,
  author    = {Shaogang Gong and Tao Xiang},
  title     = {{R}ecognition of {G}roup {A}ctivities using {D}ynamic
                  {P}robabilistic {N}etworks},
  booktitle = {{I}{E}{E}{E} {I}nternational {C}onference on {C}omputer
                  {V}ision ({I}{C}{C}{V})},
  year      = {2003},
  pages     = {742--749},
  publisher = {IEEE Computer Society}
}

@inproceedings{gotoh96incremental,
  author    = {Gotoh, Y. and Silverman,H. F.},
  title     = {{I}ncremental {M}{L} estimation of {H}{M}{M} parameters
                  for efficient training},
  booktitle = {{I}{E}{E}{E} {I}nternational {C}onference on
                  {A}coustics, {S}peech, and {S}ignal {P}rocessing
                  ({I}{C}{A}{S}{S}{P})},
  year      = {1996},
  pages     = {585--588},
  publisher = {IEEE Computer Society},
  doi       = {http://dx.doi.org/10.1109/ICASSP.1996.543188},
  isbn      = {0-7803-3192-3}
}

@book{hastie09hc,
  title     = {{T}he {E}lements of {S}tatistical {L}earning},
  publisher = {Springer-Verlag},
  year      = {2009},
  author    = {Hastie, Trevor and Tibshirani, Robert and Friedman,
                  Jerome},
  pages     = {520--528}
}

@inproceedings{hautamaki08clustering,
  author    = {Hautam\"{a}ki, V. and Nyk\"{a}nen, P. and Fr\"{a}nti,
                  P.},
  title     = {{T}ime-series clustering by approximate prototypes},
  booktitle = {{I}{E}{E}{E} {I}nternational {C}onference on
                  {P}attern {R}ecognition ({I}{C}{P}{R})},
  year      = {2008},
  pages     = {1--4}
}

@inproceedings{havasi06geometric,
  author    = {Laszlo Havasi and Tamas Sziranyi and Michael Rudzky},
  title     = {{A}dding {G}eometrical {T}erms to {S}hadow {D}etection
                  {P}rocess},
  booktitle = {{E}uropean {S}ignal {P}rocessing {C}onference
                  ({E}{U}{S}{I}{P}{C}{O})},
  year      = {2006}
}

@misc{jeff07htm,
  author = {Jeff Hawkins},
  title  = {Hierarchical Temporal Memory: How a New Theory of
                  Neocortex May Lead to Truly Intelligent Machines},
  year   = {2007},
  note   = {Information available at
                  \url{http://nanohub.org/resources/3555}}
}

@inproceedings{heo08learning,
  author    = {Gyeongyong Heo and Paul Gader},
  title     = {Prior-updating ensemble learning for discrete HMM},
  booktitle = {IEEE International Conference on Pattern Recognition
                  (ICPR)},
  year      = {2008},
  pages     = {1--4}
}

@inproceedings{hong03background,
    author    = {Dongpyo Hong and Woontack Woo},
    title     = {A background subtraction for a vision-based user
                  interface},
    booktitle = {{P}acific {R}im {C}onference on {M}ultimedia
                  ({P}{C}{M})},
    year      = {2003},
    pages     = {263--267}
}

@article{huang94inference,
    author  = {Cecil Huang and Adnan Darwiche},
    title   = {Inference in Belief Networks: A Procedural Guide},
    journal = {International {J}ournal of {A}pproximate {R}easoning},
    year    = {1994},
    volume  = {15},
    pages   = {225--263}
}

@inproceedings{jacques05shadow,
    author    = {Jacques Jr., Julio Cezar Silveira and Jung, Claudio
                  Rosito and Musse, Soraia Raupp},
    title     = {{B}ackground {S}ubtraction and {S}hadow {D}etection
                  in {G}rayscale {V}ideo {S}equences},
    booktitle = {{B}razilian {S}ymposium on {C}omputer {G}raphics and
                  {I}mage {P}rocessing ({S}{I}{B}{G}{R}{A}{P}{I})},
    year      = {2005},
    pages     = {189},
    publisher = {IEEE Computer Society},
}

@book{jolliffe86pca,
  author    = {Jolliffe, I. T.},
  title     = {Principal Component Analysis},
  publisher = {Springer Verlag},
  year      = {1986},
}

@inproceedings{ju96motion,
  author    = {Ju, Shanon X. and Black, Michael J. and Yacoob, Yaser},
  title     = {Cardboard People: A Parameterized Model of Articulated
                  Image Motion},
  booktitle = {{I}{E}{E}{E} {I}nternational {C}onference on
                  {A}utomatic {F}ace and {G}esture {R}ecognition
                  ({F}{G})},
  year      = {1996},
  pages     = {38},
  publisher = {IEEE Computer Society}
}

@article{kalman60filtering,
    author  = {Kalman, Rudolph Emil},
    title   = {A New Approach to Linear Filtering and Prediction
                  Problems},
    journal = {Transactions of the ASME-Journal of Basic Engineering},
    year    = {1960},
    volume  = {82},
    pages   = {35--45}
}

@misc{kanungo1998,
  author = {Kanungo, T.},
  year   = {1998},
  note   = {Personal website: \url{http://www.cfar.umd.edu/~kanungo}}
}

@inproceedings{kanungo02local,
  author    = {Kanungo, T. and Mount, D. and Netanyahu, N. and Piatko,
                  C. and Silverman, R. and Wu, A.},
  title     = {A local search approximation algorithm for $k$-means
                  clustering},
  booktitle = {{A}{C}{M} {S}ymposium on {C}omputational {G}eometry},
  year      = {2002},
  pages     = {10--18},
  url       = {citeseer.ist.psu.edu/kanungo03local.html}
}

@misc{opencv,
    author = {Intel Microprocessor Research Laboratory},
    title  = {Open{C}{V}: An open source library which is aimed at
                  real time computer vision and image processing},
    year   = {2000},
    note   = {Open source software available at
                  \url{http://opencvlibrary.sourceforge.net}}
}

@inproceedings{lafferty01crf,
    author    = {Lafferty, J. and McCallum, A. and Pereira, F.},
    title     = {Conditional random fields: Probabilistic models for 
                  segmenting and labeling sequence data},
    booktitle = {{I}nternational {C}onference on 
                  {M}achine {L}earning ({I}{C}{M}{L})},
    year      = {2001},
    pages     = {282--289}
}

@inproceedings{lee03modeling,
    author    = {Ka Keung Lee and Maolin Yu and Yangsheng Xu},
    title     = {Modeling of human walking trajectories for surveillance},
    booktitle = {{I}{E}{E}{E}/{R}{S}{J} {I}nternational {C}onference
                  on {I}ntelligent {R}obots and {S}ystems ({I}{R}{O}{S})},
    year      = {2003},
    pages     = {1554--1559}
}

@inproceedings{li99pattern,
    author    = {Cen Li and Gautam Biswas},
    title     = {Temporal Pattern Generation Using Hidden {M}arkov
                  Model Based Unsupervised Classification},
    booktitle = {{A}dvances {I}ntelligent {D}ata {A}nalysis ({I}{D}{A})},
    year      = {1999},
    pages     = {245--256}
}

@inproceedings{li06behavior,
  author    = {Li, Heping and Hu, Zhanyi and Wu, Yihong and Wu,
                  Fuchao},
  title     = {Behavior Modeling and Recognition Based on Space-Time
                  Image Features},
  booktitle = {{I}{E}{E}{E} {I}nternational {C}onference on {P}attern
                  {R}ecognition ({I}{C}{P}{R})},
  year      = {2006},
  pages     = {243--246},
}

@inproceedings{liu03face,
  author    = {Xiaoming Liu and Tsuhan Cheng},
  title     = {Video-based face recognition using adaptive hidden
                  {M}arkov models},
  booktitle = {Proceedings of {I}{E}{E}{E} {I}nternational
                  {C}onference on {C}omputer {V}ision and {P}attern
                  {R}ecognition ({C}{V}{P}{R})},
  year      = {2003},
  volume    = {1},
  pages     = {340--345}
}

@article{liu09activity,
  author  = {Xiao-Hui Liu and Chin-Seng Chua},
  title   = {Rejection of non-meaningful activities for
                  {H}{M}{M}-based activity recognition system},
  journal = {{I}mage and {V}ision {C}omputing ({I}{V}{C})},
  year    = {2009}
}

@inproceedings{lu08segmentation,
    author    = {Huchuan Lu and Chunhua Jia and Ruijuan Zhang},
    title     = {An effective method for detection and segmentation of the body 
                  of human in the view of a single stationary camera},
    booktitle = {{I}{E}{E}{E} {I}nternational {C}onference on 
                  {P}attern {R}ecognition ({I}{C}{P}{R})},
    year      = {2008},
    pages     = {1--4}
}

@unpublished{mackay97hmm,
  author = {MacKay, D.\ J.\ C.},
  title  = {Ensemble Learning for Hidden {M}arkov Models},
  year   = {1997}
}

@book{macmillan90signal,
  title = {Detection theory: A user's guide},
  publisher = {{T}he {P}ress {S}yndicate of the {U}niversity of {C}ambridge},
  year = {1990},
  author = {Macmillan, N. A. and Creelman, C. D.}
}

@article{masoud03recognition,
    author  = {Osama Masoud and Nikos Papanikolopoulos},
    title   = {A method for human action recognition},
    journal = {Image and Vision Computing ({I}{V}{C})},
    year    = {2003},
    volume  = {21},
    pages   = {729--743}
}

@inproceedings{masoud03activity,
  author    = {Masoud, Osama and Papanikolopoulos, Nikos},
  title     = {Recognizing Human Activities},
  booktitle = {{I}{E}{E}{E} {I}nternational on {A}dvanced {V}ideo and
                  {S}ignal {B}ased {S}urveillance ({A}{V}{S}{S})},
  year      = {2003},
  pages     = {157}
}

@inproceedings{nair02surveillance,
  author    = {Vinod Nair and James J. Clark},
  title     = {Automated visual surveillance using hidden {M}arkov
                  models},
  booktitle = {{V}ision {I}nterface {C}onference ({V}{I}{C})},
  year      = {2002},
  pages     = {88--92}
}

@inproceedings{neal93em,
  author    = {Radford M. Neal and Geoffrey E. Hinton},
  title     = {A New View of the {EM} Algorithm that Justifies
                  Incremental and Other Variants},
  booktitle = {Learning in Graphical Models},
  year      = {1993},
  pages     = {355--368}
}

@article{ng03pixel,
  author  = {Ng, J. and Gong, S.},
  title   = {Learning pixel-wise signal energy for understanding
                  semantics},
  journal = {Image and Vision Computing ({I}{V}{C})},
  year    = {2003},
  pages   = {1183--1189}
}

@inproceedings{niu03tracking,
  author    = {Wei Niu and Long Jiao and Dan Han and Yuan-Fang Wang},
  title     = {Real-Time Multi-Person Tracking in Video Surveillance},
  booktitle = {{P}acific {R}im {C}onference on {M}ultimedia
                  ({P}{C}{M})},
  year      = {2003},
  pages     = {1--5}
}

@phdthesis{nowlan91incremental,
  author    = {Nowlan, S. J.},
  title     = {{S}oft {C}ompetitive {A}daptation: {N}eural {N}etwork
                  {L}earning {A}lgorithms based on {F}itting
                  {S}tatistical {M}ixtures},
  year      = {1991},
  publisher = {Carnegie Mellon University}
}

@inproceedings{oates01clustering,
  author    = {Oates, Tim and Firoiu, Laura and Cohen, Paul R.},
  title     = {Using Dynamic Time Warping to Bootstrap {H}{M}{M}-Based
                  Clustering of Time Series},
  booktitle = {Sequence Learning: Paradigms, Algorithms, and Applications},
  year      = {2001},
  pages     = {35--52}
}

@mastersthesis{kan08thesis,
  author = {Kan Ouivirach},
  title  = {Human Behavior Profiling for a Video Surveillance System},
  school = {{C}omputer {S}cience and {I}nformation {M}anagement
                  (CSIM), {A}sian {I}nstitute of {T}echnology (AIT)},
  year   = {2008}
}

@inproceedings{kan10clustering,
  author    = {Ouivirach, K. and Dailey, M. N.},
  title     = {{C}lustering {H}uman {B}ehaviors with {D}ynamic {T}ime
                  {W}arping and {H}idden {M}arkov {M}odels for a
                  {V}ideo {S}urveillance {S}ystem},
  booktitle = {{I}{E}{E}{E} {C}onference on {E}lectrical
                  {E}ngineering/{E}lectronics {C}omputer
                  {T}elecommunications and {I}nformation {T}echnology
                  ({E}{C}{T}{I}-{C}{O}{N})},
  year      = {2010},
  pages     = {884--888}
}

@inproceedings{kan12detection,
  author    = {Kan Ouivirach and Shashi Gharti and Matthew N.\ Dailey},
  title     = {{A}utomatic {S}uspicious {B}ehavior {D}etection from a
                  {S}mall {B}ootstrap {S}et},
  booktitle = {{I}nternational {C}onference on {C}omputer {V}ision
                  {T}heory and {A}pplications ({V}{I}{S}{A}{P}{P})},
  year      = {2012},
  pages     = {655--658},
}

@article{kan13incremental,
  author    = {Kan Ouivirach and Shashi Gharti and Matthew N.\ Dailey},
  title     = {{I}ncremental {B}ehavior {M}odeling and {S}uspicious
                  {A}ctivity {D}etection},
  journal   = {{P}attern {R}ecognition ({P}{R})},
  year      = {2013},
  pages     = {671--680},
  volume    = {46},
  number    = {3},
}

@inproceedings{pass96ccv,
  author    = {Pass, Greg and Zabih, Ramin and Miller, Justin},
  title     = {Comparing images using color coherence vectors},
  booktitle = {{A}{C}{M} {I}nternational {C}onference on {M}ultimedia
                  ({M}{U}{L}{T}{I}{M}{E}{D}{I}{A})},
  year      = {1996},
  pages     = {65--73}
}

@book{pearl88reasoning,
    author    = {Judea Pearl},
    title     = {Probabilistic Reasoning in Intelligent Systems},
    publisher = {Morgan Kaufmann},
    year      = {1988},
}

@misc{gforge,
  author = {Perdue, T.},
  title  = {GForge: A {F}ree {W}eb based {C}omputer-{A}ided {S}oftware
                  {E}ngineering ({C}{A}{S}{E}) tool},
  year   = {2004},
  note   = {Software available at \url{http://gforge.org}}
}

@inproceedings{poppe07background,
  author    = {Poppe, Chris and Martens, Ga{\"e}tan and Lambert, Peter
                  and {Van de Walle}, Rik},
  title     = {Improved Background Mixture Models for Video
                  Surveillance Applications},
  booktitle = {{A}sian {C}onference on {C}omputer {V}ision
                  ({A}{C}{C}{V})},
  year      = {2007},
  volume    = {4843},
  pages     = {251--260},
  publisher = {Springer}
}

@article{rabiner89hmm,
  author  = {Rabiner, L. R.},
  title   = {A tutorial on hidden {M}arkov models and selected 
              applications in speech recognition},
  journal = {{P}roceedings of the {I}{E}{E}{E}},
  year    = {1989},
  pages   = {257--286}
}

@article{rissanen98mdl,
  author  = {J. Rissanen},
  title   = {Hypothesis Selection and Testing by the {M}{D}{L}
                  Principle},
  journal = {{T}he {C}omputer {J}ournal},
  year    = {1998},
  pages   = {260--269}
}

@inproceedings{rosales99tracking,
    author    = {Rosales, R. and Sclaroff, S.},
    title     = {3{D} trajectory recovery for tracking multiple objects and 
                  trajectory guided recognition of actions},
    booktitle = {{I}{E}{E}{E} {I}nternational {C}onference on {C}omputer
                  {V}ision and {P}attern {R}ecognition ({C}{V}{P}{R})},
    year      = {1999},
    pages     = {123}
}

@article{rowley98face,
  author = {Rowley, H. and Baluja, S. and Takeo Kanade},
  title = {Neural network-based face detection},
  journal = {{I}{E}{E}{E} {T}ransactions on {P}attern {A}nalysis and {M}achine
	{I}ntelligence ({P}{A}{M}{I})},
  year = {1998},
  volume = {20},
  pages = {23-38},
  number = {1}
}

@article{sakoe78dtw,
    author  = {Sakoe, H.},
    title   = {Dynamic programming algorithm optimization for spoken
                  word recognition},
    journal = {{I}{E}{E}{E} {T}ransactions on {A}coustics, {S}peech,
                  and {S}ignal {P}rocessing ({I}{C}{A}{S}{S}{P})},
    year    = {1978},
    pages   = {43--49}
}

@inproceedings{schneiderman00detection,
    author    = {Scheneiderman, H. and Kanade, T.},
    title     = {A statistical method for 3{D} object detection
                  applied to faces and cars},
    booktitle = {{I}{E}{E}{E} {I}nternational {C}onference on {C}omputer
                  {V}ision and {P}attern {R}ecognition ({C}{V}{P}{R})},
    year      = {2000},
    volume    = {1},
    pages     = {746--751}
}

@article{schwarz78bic,
    author  = {Gideon Schwarz},
    title   = {Estimating the Dimension of a Model},
    journal = {{A}nnals of {S}tatistics},
    year    = {1978},
    volume  = {6},
    pages   = {461--464}
}

@article{senior06tracking,
    author  = {Andrew Senior and Arun Hampapur and Ying-Li Tian and Lisa Brown 
                and Sharath Pankanti and Ruud Bolle},
    title   = {Appearance models for occlusion handling},
    journal = {Image and Vision Computing ({I}{V}{C})},
    year    = {2006},
    volume  = {24},
    pages   = {1233--1243}
}

@inproceedings{siddiqi07topology,
  title     = {Fast State Discovery for HMM Model Selection and Learning},
  year      = {2007},
  author    = {Sajid M. Siddiqi and Geoff J. Gordon and Andrew W. Moore},
  booktitle = {{I}nternational {C}onference on {A}rtificial 
                {I}ntelligence and {S}tatistics ({A}{I}-{S}{T}{A}{T}{S})}
}

@inproceedings{sminchisescu05motion,
  author    = {Sminchisescu, Cristian and Kanaujia, Atul and Li,
                  Zhiguo and Metaxas, Dimitris},
  title     = {{C}onditional {R}andom {F}ields for {C}ontextual
                  {H}uman {M}otion {R}ecognition},
  booktitle = {{I}{E}{E}{E} {I}nternational {C}onference on {C}omputer
                  {V}ision ({I}{C}{C}{V})},
  year      = {2005},
  pages     = {1808--1815}
}

@inproceedings{snoek06event,
  author    = {Snoek, Jasper and Hoey, Jesse and Stewart, Liam and
                  Zemel, Richard S.},
  title     = {Automated Detection of Unusual Events on Stairs},
  booktitle = {{I}{E}{E}{E} {C}anadian {C}onference on {C}omputer and
                  {R}obot {V}ision ({C}{R}{V})},
  year      = {2006},
  pages     = {5}
}

@inproceedings{stauffer99background,
  author    = {Stauffer, Chris and Grimson, W.},
  title     = {Adaptive background mixture models for real-time
                  tracking},
  booktitle = {{I}{E}{E}{E} {I}nternational {C}onference on {C}omputer
                  {V}ision and {P}attern {R}ecognition ({C}{V}{P}{R})},
  year      = {1999},
  pages     = {252}
}

@inproceedings{stenger01topology,
  author    = {Stenger, B. and Ramesh, V. and Paragios, N.},
  title     = {Topology free Hidden {M}arkov Models: Application to
                  background modeling},
  booktitle = {{I}{E}{E}{E} {I}nternational {C}onference on {C}omputer
                  {V}ision ({I}{C}{C}{V})},
  year      = {2001},
  pages     = {294--301}
}

@inproceedings{stolcke93topology,
  author = {Andreas Stolcke and Stephen Omohundro},
  title = {Hidden {M}arkov Model Induction by Bayesian Model Merging},
  booktitle = {{A}dvances in {N}eural {I}nformation {P}rocessing {S}ystems},
  year = {1993},
  pages = {11-18},
  publisher = {Morgan Kaufmann}
}

@misc{supertrack,
  author = {Stratech},
  title  = {Super{T}rack: intelligent Video Surveillance and Analysis
                  System},
  year   = {2009},
  note   = {Available at
                  \url{http://www.stratechsystems.com/iv_supertrack.asp}}
}

@inproceedings{swears08clustering,
  author    = {Swears, E. and Hoogs, A. and Perera, A.G.A.},
  title     = {Learning Motion Patterns in Surveillance Video using
                  {H}{M}{M} Clustering},
  booktitle = {{I}{E}{E}{E} {W}orkshop on {M}otion and {V}ideo
                  {C}omputing ({W}{M}{V}{C})},
  year      = {2008},
  pages     = {1--8}
}

@inproceedings{syed99handling-inc-svm,
  author    = {Syed, Nadeem Ahmed and Liu, Huan and Sung, Kah Kay},
  title     = {Handling concept drifts in incremental learning with
                  support vector machines},
  booktitle = {{A}{C}{M} {S}{I}{G}{K}{D}{D} {I}nternational
                  {C}onference on {K}nowledge {D}iscovery and {D}ata
                  mining ({K}{D}{D})},
  year      = {1999},
  pages     = {317--321},
  publisher = {ACM}
}

@inproceedings{syed99inc-svm,
  author    = {Syed, Nadeem Ahmed and Liu, Huan and Sung, Kah Kay},
  title     = {Incremental learning with support vector machines},
  booktitle = {{W}orkshop on {S}upport {V}ector {M}achines at the
                  {I}nternational {J}oint {C}onference on {A}rticial
                  {I}ntelligence ({I}{J}{C}{A}{I})},
  year      = {1999},
}

@inproceedings{tan06shadow,
    author    = {Rui Tan and Hong Huo and Jin Qian and Tao Fang},
    title     = {Traffic Video Segmentation Using Adaptive-K Gaussian 
                  Mixture Model},
    booktitle = {International Workshop on Intelligent Computing in Pattern 
                  Analysis/Synthesis (IWICPAS)},
    year      = {2006},
    pages     = {125--134},
}

@inproceedings{umeda82font,
    author    = {Umeda, M.},
    title     = {Recognition of Multi-Font Printed {C}hinese Characters},
    booktitle = {{I}nternational {C}onference on {P}attern 
                  {R}ecognition ({I}{C}{P}{R})},
    year      = {1982},
    pages     = {793--796},
    publisher = {IEEE Computer Society}
}

@inproceedings{vail07activity,
    author    = {Douglas L. Vail and Carlos Guestrin},
    title     = {Conditional random fields for activity recognition},
    booktitle = {{I}nternational {J}oint {C}onference on {A}utonomous
                  {A}gents and {M}ultiagent {S}ystems
                  ({A}{A}{M}{A}{S})},
    year      = {2007},
    pages     = {1--8}
}

@book{vapnik95svm,
    author    = {Vapnik, Vladimir N.},
    title     = {The nature of statistical learning theory},
    publisher = {Springer-Verlag},
    year      = {1995},
}

@article{viola01detection,
  author = {Paul Viola and Michael Jones},
  title = {Robust Real-time Object Detection},
  journal = {{I}nternational {J}ournal of {C}omputer {V}ision ({I}{J}{C}{V})},
  year = {2001},
  volume = {57},
  pages = {137-154}
}

@misc{vitamind,
  author = {Vitamin D, Inc.},
  title = {{V}itamin {D} {V}ideo},
  year = {2010},
  note = {Available at \url{http://www.vitamindinc.com}}
}

@article{vogler01language,
  author    = {Christian Vogler and Dimitris Metaxas},
  title     = {A framework for recognizing the simultaneous aspects of
                  {A}merican sign language},
  journal   = {{C}omputer {V}ision and {I}mage {U}nderstanding
                  ({C}{V}{I}{U})},
  year      = {2001},
  volume    = {81},
  pages     = {358-384},
  publisher = {Elsevier Science Inc.}
}

@inproceedings{wang06gesture,
    author    = {Wang, Sy Bor and Quattoni, Ariadna and Morency,
                  Louis-Philippe and Demirdjian, David},
    title     = {Hidden Conditional Random Fields for Gesture Recognition},
    booktitle = {{I}nternational {C}onference on {C}omputer
                  {V}ision and {P}attern {R}ecognition ({C}{V}{P}{R})},
    year      = {2006},
    pages     = {1521--1527}
}

@misc{wiki10pca,
    author = {Wikipedia},
    title  = {Principal Component Analysis},
    year   = {2010},
    note   = {Information available at
              \url{http://en.wikipedia.org/wiki/Principal_component_analysis}}
}

@misc{bayesian_prob,
  author = {Wikipedia},
  title  = {Bayesian Probability},
  year   = {2009},
  note   = {Information available at
                  \url{http://en.wikipedia.org/wiki/Bayesian_probability}}
}

@misc{kdtree,
  author = {Wikipedia},
  title  = {KD-Tree},
  year   = {2008},
  note   = {Information available at
                  \url{http://en.wikipedia.org/wiki/Kd-tree}}
}

@inproceedings{wilson00gesture,
    author    = {Wilson, A.D. and Bobick, A.F.},
    title     = {Realtime online adaptive gesture recognition},
    booktitle = {{I}{E}{E}{E} {I}nternational {C}onference on
                  {P}attern {R}ecognition ({I}{C}{P}{R})},
    year      = {2000},
    volume    = {1},
    pages     = {270--275}
}

@article{wren97pfinder,
    author  = {Wren, C. R. and Azarbayejani, A. and Darrell, T. and
                  Pentland, A.},
    title   = {Pfinder: Real-Time Tracking of the Human Body},
    journal = {{I}{E}{E}{E} Transactions on {P}attern {A}nalysis and
                  {M}achine {I}ntelligence ({P}{A}{M}{I})},
    year    = {1997},
    volume  = {19},
    pages   = {780--785}
}

@inproceedings{wu05behavior,
    author    = {Xinyu Wu and Yongsheng Ou and Huihuan Qian and Yangsheng Xu},
    title     = {A detection system for human abnormal behavior},
    booktitle = {{I}{E}{E}{E}/{R}{S}{J} {I}nternational {C}onference on 
                  {I}ntelligent {R}obots and {S}ystems ({I}{R}{O}{S})},
    year      = {2005},
    pages     = {1204--1208}
}

@article{xiang08incremental,
    author    = {Tao Xiang and Shaogang Gong},
    title     = {Incremental and adaptive abnormal behaviour detection},
    journal   = {Computer Vision and Image Understanding ({C}{V}{I}{U})},
    year      = {2008},
    volume    = {111},
    pages     = {59--73},
    number    = {1},
    address   = {New York, NY, USA},
    doi       = {http://dx.doi.org/10.1016/j.cviu.2007.06.004},
    issn      = {1077-3142},
    publisher = {Elsevier Science Inc.}
}

@article{xiang08clustering,
    title   = {Spectral clustering with eigenvector selection},
    author  = {Tao Xiang and Shaogang Gong},
    journal = {Pattern Recognition (PR)},
    volume  = {41},
    number  = {3},
    pages   = {1012--1029},
    year    = {2008},
}

@article{xiang08modeling,
    title   = {Activity based surveillance video content modelling},
    author  = {Tao Xiang and Shaogang Gong},
    journal = {Pattern Recognition (PR)},
    volume  = {41},
    number  = {7},
    pages   = {2309--2326},
    year    = {2008},
}

@inproceedings{turner10detection,
  author    = {Ryan Turner and Zoubin Ghahramani and Seven Bottone},
  title     = {Fast Online Anomaly Detection using Scan Statistics},
  booktitle = {{M}achine {L}earning for {S}ignal {P}rocessing
                  ({M}{L}{S}{P})},
  year      = {2010},
  pages     = {385--390},
}

@article{yao10detection,
    title     = {Online Anomaly Detection for Sensor Systems: a Simple and
                  Efficient Approach},
    author    = {Yuan Yao and Abhishek Sharma and Leana Golubchik and
                  Ramesh Govindan},
    journal   = {{P}erformance {E}valuation ({P}{E})},
    volume    = {67},
    number    = {11},
    pages     = {1059--1075},
    year      = {2010},
    publisher = {Elsevier},
}

@inproceedings{rasoulifard08incremental,
    author    = {Rasoulifard, Amin and Ghaemi Bafghi, Abbas and
                  Kahani, Mohsen},
    title     = {{I}ncremental {H}ybrid {I}ntrusion {D}etection
                  {U}sing {E}nsemble of {W}eak {C}lassifiers},
    booktitle = {{I}nternational {C}{S}{I} {C}omputer {C}onference
                  ({C}{S}{I}{C}{C})},
    year      = {2008},
}

@inproceedings{xiang05profiling,
    author    = {Tao Xiang and Shaogang Gong},
    title     = {{V}ideo {B}ehaviour {P}rofiling and {A}bnormality
                  {D}etection without {M}anual {L}abelling},
    booktitle = {{I}{E}{E}{E} {I}nternational {C}onference
                  on {C}omputer {V}ision ({I}{C}{C}{V})},
    year      = {2005},
    volume    = {2},
    pages     = {1238--1245}
}

@inproceedings{xiang02event,
    author    = {Xiang, T. and Gong, S. and Parkinson, D.},
    title     = {Autonomous Visual Events Detection and Classification
                  without Explicit Object-Centred Segmentation and
                  Tracking},
    booktitle = {{B}ritish {M}achine {V}ision {C}onference
                  ({B}{M}{V}{C})},
    year      = {2002}
}

@inproceedings{yamato92hmm,
    author    = {Yamato, J. and Ohya, J. and Ishii, K.},
    title     = {Recognizing human action in time-sequential images
                  using hidden {M}arkov model},
    booktitle = {{I}nternational {C}onference on {C}omputer {V}ision
                  and {P}attern {R}ecognition ({C}{V}{P}{R})},
    year      = {1992},
    pages     = {379--385}
}

@inproceedings{yu05clustering,
  author    = {Stella X. Yu and Jianbo Shi},
  title     = {Multiclass Spectral Clustering},
  booktitle = {Proceedings of {I}{E}{E}{E} {I}nternational
                  {C}onference on {C}omputer {V}ision ({I}{C}{C}{V})},
  year      = {2003},
  pages     = {313--319}
}

@inproceedings{yo09behavior,
  author    = {Tsz-Ho Yu and Yiu-Sang Moon},
  title     = {Unsupervised Abnormal Behavior Detection for Real-time
                  Surveillance Using Observed History},
  booktitle = {{I}nternational {C}onference on {M}achine {V}ision
                  {A}pplication ({M}{V}{A})},
  year      = {2009},
  pages     = {166--169}
}

@inproceedings{zhang05event,
  author    = {Dong Zhang and Gatica-Perez, D. and Bengio, S. and
                  McCowan, I.},
  title     = {Semi-supervised adapted HMMs for unusual event
                  detection},
  booktitle = {{I}{E}{E}{E} {I}nternational {C}onference on {C}omputer
                  {V}ision and {P}attern {R}ecognition ({C}{V}{P}{R})},
  year      = {2005},
  pages     = {611--618}
}

@inproceedings{zhong04detection,
    author    = {Zhong, H. and Visontai, M. and Shi, J.},
    title     = {Detecting Unusual Activity in Video},
    booktitle = {{I}{E}{E}{E} {I}nternational {C}onference on
                  {C}omputer {V}ision and {P}attern {R}ecognition
                  ({C}{V}{P}{R})},
    year      = {2004},
    pages     = {819--826}
}

@inproceedings{chen08shadow,
  author    = {Chen, Yuan and Yu, Shengsheng and Sun, Weiping and Li,
                  Hongxing},
  title     = {Objects Detecting Based on Adaptive Background Models
                  and Multiple Cues},
  booktitle = {{I}{S}{E}{C}{S} {I}nternational {C}olloquium on
                  {C}omputing, {C}ommunication, {C}ontrol, and
                  {M}anagement ({C}{C}{C}{M})},
  year      = {2008},
  pages     = {285--289},
  publisher = {IEEE Computer Society}
}

@inproceedings{tian05shadow,
  author    = {Ying-Li Tian and Max Lu and Arun Hampapur},
  title     = {Robust and Efficient Foreground Analysis for Real-Time
                  Video Surveillance},
  booktitle = {{I}{E}{E}{E} {I}nternational {C}onference on {C}omputer
                  {V}ision and {P}attern {R}ecognition ({C}{V}{P}{R})},
  year      = {2005},
  pages     = {1182--1187},
  publisher = {IEEE Computer Society},
}

@inproceedings{mikic00shadow,
  author    = {Ivana Miki\'c and Pamela C. Cosman and Greg T. Kogut and
                  Mohan M. Trivedi},
  title     = {Moving Shadow and Object Detection in Traffic Scenes},
  booktitle = {{I}{E}{E}{E} {I}nternational {C}onference on {P}attern
                  {R}ecognition ({I}{C}{P}{R})},
  year      = {2000},
  pages     = {1321},
  publisher = {IEEE Computer Society}
}

@inproceedings{xu05shadow,
  author    = {L.-Q. Xu and J. L. Landabaso and M. Pard\`as},
  title     = {Shadow removal with blob-based morphological
                  reconstruction for error correction},
  booktitle = {{I}{E}{E}{E} {I}nternational {C}onference on
                  {A}coustics, {S}peech, and {S}ignal {P}rocessing
                  ({I}{C}{A}{S}{S}{P})},
  year      = {2005},
  pages     = {729-732},
  publisher = {IEEE Computer Society}
}

@misc{zoneminder,
  author = {Coombes, P.},
  title  = {Zone{M}inder: A {L}inux-based camera monitoring and
                  analysis tool},
  note   = {Open source software available at
                  \url{http://www.zoneminder.com}},
  year   = {2007}
}

@article{prati03shadow,
  author  = {Prati, A. and Mikic, I. and Trivedi, M.M. and Cucchiara, R.},
  journal = {IEEE Transactions on Pattern Analysis and Machine
                  Intelligence (PAMI)}, 
  title   = {Detecting moving shadows: algorithms and evaluation},
  year    = {2003},
  volume  = {25},
  number  = {7},
  pages   = {918--923},
  url     = {http://cvrr.ucsd.edu/aton/shadow/},
}

@inproceedings{finlayson98colour,
  author    = {Graham D. Finlayson and Bernt Schiele and James
                  L. Crowley},
  title     = {{C}omprehensive {C}olour {I}mage {N}ormalization},
  booktitle = {{E}uropean {C}onference on {C}omputer {V}ision
                  ({E}{C}{C}{V})},
  year      = {1998},
  pages     = {475--490}
}

@article{mckenna00tracking,
  author  = {Stephen J. McKenna and Sumer Jabri and Zoran Duric and
                  Azriel Rosenfeld and Harry Wechsler},
  title   = {Tracking Groups of People},
  journal = {Computer Vision and Image Understanding (CVIU)},
  volume  = {80},
  number  = {1},
  pages   = {42--56},
  year    = {2000},
}

@techreport{kender76color,
  author      = {Kender, J. R.},
  title       = {Saturation, hue, and normalized color: calculation,
                  digitization effects and use},
  institution = {Tech. Rep., Department of Computer Science,
                  Carnegie-Mellon University},
  year        = {1976}
}

@article{elgammal02background,
  author  = {Elgammal, A. and Duraiswami, R. and Harwood, D. and
                  Davis, L.S.},
  journal = {Proceedings of the IEEE}, 
  title   = {Background and foreground modeling using nonparametric
                  kernel density estimation for visual surveillance},
  year    = {2002},
  volume  = {90},
  number  = {7},
  pages   = {1151--1163},
}

@inproceedings{blau06shadow,
  author    = {Philipp Blauensteiner and Horst Wildenauer and Allan
                  Hanbury and Martin Kampel},
  title     = {{M}otion and {S}hadow {D}etection with an {I}mproved
                  {C}olour {M}odel},
  booktitle = {{IEEE} {I}nternational {C}onference on {S}ignal and
                  {I}mage {P}rocessing ({ICSIP})},
  year      = {2006},
}

@article{salvador04shadow,
   author  = {Salvador, E. and Cavallaro, A. and Ebrahimi, T.},
   journal = {Computer {V}ision and {I}mage {U}nderstanding (CVIU)},
   number  = {2},
   pages   = {238--259},
   title   = {Cast shadow segmentation using invariant colour features},
   volume  = {95},
   year    = {2004}
}

@inproceedings{schreer02shadow,
  author    = {Schreer, O. and Feldmann, I. and Golz, U. and Kauff,
                  P.},
  booktitle = {{I}{E}{E}{E} {I}nternational {S}ymposium on
                  {V}ideo/{I}mage {P}rocessing and {M}ultimedia
                  {C}ommunications ({V}{I}{P}rom{C}om)},
  title     = {Fast and robust shadow detection in videoconference
                  applications},
  year      = {2002},
  pages     = {371--375},
}

@article{sanin12shadow,
  author  = {Andres Sanin and Conrad Sanderson and Brian C. Lovell},
  title   = {Shadow detection: A survey and comparative evaluation of
                  recent methods},
  journal = {{P}attern {R}ecognition (PR)},
  volume  = {45},
  number  = {4},
  pages   = {1684--1695},
  year    = {2012},
}

@article{oliver00modeling,
  author  = {Oliver, N. M. and Rosario, B. and Pentland, A. P.},
  title   = {{A} {B}ayesian computer vision system for modeling human
                  interactions},
  journal = {{I}{E}{E}{E} {T}ransactions on {P}attern {A}nalysis and
                  {M}achine {I}ntelligence ({P}{A}{M}{I})}, 
  year    = {2000},
  volume  = {22},
  number  = {8},
  pages   = {831--843},
}

@inproceedings{fujiyoshi98motion,
  author    = {Fujiyoshi, H. and Lipton, A.J.},
  title     = {Real-time human motion analysis by image
                  skeletonization},
  booktitle = {{I}{E}{E}{E} {W}orkshop on {A}pplications of {C}omputer
                  {V}ision ({W}{A}{C}{V})}, 
  year      = {1998},
  pages     = {15--21},
}

@inproceedings{lv06leftluggage,
  author    = {Fengjun Lv and Xuefeng Song and Bo Wu and Vivek Kumar
                  and Singh Ramakant Nevatia},
  title     = {Left luggage detection using bayesian inference},
  booktitle = {{I}{E}{E}{E} {I}nternational {W}orkshop on
                  {P}erformance {E}valuation of {T}racking and
                  {S}urveillance ({P}{E}{T}{S})},
  year      = {2006},
  pages     = {83--90},
}

@article{ali12crowds,
  author  = {Irshad Ali and Matthew N.\ Dailey},
  title   = {{M}ultiple {H}uman {T}racking in {H}igh-{D}ensity
                  {C}rowds},
  journal = {{I}mage and {V}ision {C}omputing ({I}{V}{C})},
  volume  = {30},
  number  = {12},
  year    = {2012},
  pages   = {966--977},
} 

@article{vaswani05activity, 
    author  = {Vaswani, N. and Roy-Chowdhury, A.K. and Chellappa, R.}, 
    journal = {{I}{E}{E}{E} {T}ransactions on {I}mage {P}rocessing}, 
    title   = {``Shape Activity'': a continuous-state {H}{M}{M} for 
                moving/deforming shapes with application to abnormal 
                activity detection}, 
    year    = {2005}, 
    volume  = {14}, 
    number  = {10}, 
    pages   = {1603--1616}, 
}

@article{turaga08survey,
    author  = {Turaga, Pavan K. and Chellappa, Rama and Subrahmanian, V. S. 
                and Udrea, Octavian},
    journal = {{I}{E}{E}{E} {T}ransactions on {C}ircuits and {S}ystems 
                for {V}ideo {T}echnology},
    number  = {11},
    pages   = {1473--1488},
    title   = {{M}achine {R}ecognition of {H}uman {A}ctivities: {A} {S}urvey.},
    volume  = {18},
    year    = {2008}
}

@inproceedings{georis04video,
    author    = {B. Georis and M. Mazière and F. Brémond and M. Thonnat},
    title     = {{A} {V}ideo {I}nterpretation {P}latform {A}pplied to {B}ank 
                    {A}gency {M}onitoring},
    booktitle = {{I}ntelligent {D}istributed {S}urveillance {S}ystems {W}orkshop},
    year      = {2004}
}

@inproceedings{shechtman05recognition, 
    author    = {Shechtman, E. and Irani, M.}, 
    title     = {Space-time behavior based correlation}, 
    booktitle = {{I}{E}{E}{E} {I}nternational {C}onference on {C}omputer 
                    {V}ision and {P}attern {R}ecognition ({C}{V}{P}{R})},
    year      = {2005}, 
    volume    = {1}, 
    pages     = {405--412}, 
}

@inproceedings{ke07recognition, 
    author    = {Yan Ke and Sukthankar, R. and Hebert, M.}, 
    title     = {Spatio-temporal Shape and Flow Correlation for Action Recognition}, 
    booktitle = {{I}{E}{E}{E} {I}nternational {C}onference on {C}omputer 
                    {V}ision and {P}attern {R}ecognition ({C}{V}{P}{R})},
    year      = {2007}, 
    pages     = {1--8}, 
}

@inproceedings{campbell95recognition,
    author    = {Lee Campbell and Aaron Bobick},
    title     = {Recognition of Human Body Motion Using Phase Space Constraints},
    booktitle = {{I}{E}{E}{E} {I}nternational {C}onference on {C}omputer
                    {V}ision ({I}{C}{C}{V})},
    year      = {1995},
    pages     = {624--630}
}

@techreport{darrell93recognition,
    author      = {T. J. Darrell and A. P. Pentland},
    title       = {{R}ecognition of {S}pace-{T}ime {G}estures using a 
                    {D}istributed {R}epresentation},
    institution = {{M}{I}{T} {M}edia {L}aboratory {V}ision and {M}odeling},
    year        = {1993}
}

@inproceedings{gavrila95recognition,
    author    = {D. M. Gavrila and L. S. Davis},
    title     = {{T}owards 3-{D} model-based tracking and recognition 
                    of human movement: a multi-view approach},
    booktitle = {{I}{E}{E}{E} {I}nternational {W}orkshop on 
                    {A}utomatic {F}ace- and {G}esture-{R}ecognition},
    year      = {1995},
    pages     = {272--277}
}

@inproceedings{yacoob98recognition,
    author    = {Yacoob, Yaser and Black, Michael J.},
    title     = {{P}arameterized {M}odeling and {R}ecognition of {A}ctivities},
    booktitle = {{I}{E}{E}{E} {I}nternational {C}onference
                  on {C}omputer {V}ision ({I}{C}{C}{V})},
    year      = {1998},
    pages     = {120},
    publisher = {IEEE Computer Society},
} 

@article{bobick97recognition,
    author    = {Bobick, Aaron F. and Wilson, Andrew D.},
    title     = {{A} {S}tate-{B}ased {A}pproach to the {R}epresentation 
                    and {R}ecognition of {G}esture},
    journal   = {{I}{E}{E}{E} {T}ransactions on {P}attern {A}nalysis and 
                    {M}achine {I}ntelligence ({P}{A}{M}{I})}, 
    volume    = {19},
    number    = {12},
    year      = {1997},
    pages     = {1325--1337},
    publisher = {IEEE Computer Society},
} 

@inproceedings{park04hierarchical,
    author    = {Sangho Park and J. K. Aggarwal},
    title     = {{A} hierarchical bayesian network for event recognition of 
                    human actions and interactions},
    booktitle = {Multimedia Systems},
    year      = {2004},
    pages     = {164--179}
}

@inproceedings{cupillard02recognition, 
    author    = {Cupillard, F. and Bremond, F. and Thonnat, M.}, 
    booktitle = {{I}{E}{E}{E} {W}orkshop on {A}pplications of {C}omputer 
                    {V}ision ({W}{A}{C}{V})}, 
    title     = {{G}roup behavior recognition with multiple cameras}, 
    year      = {2002}, 
    pages     = {177-183}, 
}

@inproceedings{vaswani03recognition, 
    author    = {Vaswani, N. and Chowdhury, A.R. and Chellappa, R.}, 
    booktitle = {{I}{E}{E}{E} {I}nternational {C}onference on {C}omputer 
                    {V}ision and {P}attern {R}ecognition ({C}{V}{P}{R})},
    title     = {{A}ctivity recognition using the dynamics of the configuration 
                    of interacting objects}, 
    year      = {2003}, 
    volume    = {2}, 
    pages     = {II - 633--40}, 
}

@article{cedras95motion,
    author  = {Claudette Cedras and Mubarak Shah},
    title   = {Motion-Based Recognition: A Survey},
    journal = {Image and Vision Computing (IVC)},
    year    = {1995},
    volume  = {13},
    pages   = {129--155}
}

@article{gavrila99analysis,
    author  = {D.M Gavrila},
    title   = {The Visual Analysis of Human Movement: A Survey},
    journal = {{C}omputer {V}ision and {I}mage {U}nderstanding
                  ({C}{V}{I}{U})},
    volume  = {73},
    pages   = {82--98},
    year    = {1999},
}

@article{aggarwal99motion,
    author  = {J.K. Aggarwal and Q. Cai},
    title   = {Human Motion Analysis: A Review},
    journal = {{C}omputer {V}ision and {I}mage {U}nderstanding
                  ({C}{V}{I}{U})},
    volume  = {73},
    number  = {3},
    pages   = {428--440},
    year    = {1999},
}

@article{krueger07action,
    author  = {Kr\"{u}ger, V. and Kragic, D. and Ude, A. and Geib, C.},
    title   = {{The Meaning of Action: A Review on action recognition and mapping}},
    journal = {{A}dvanced {R}obotics},
    number  = {13},
    pages   = {1473--1501},
    volume  = {21},
    year    = {2007}
}

@article{turaga08activity, 
    author  = {Turaga, P. and Chellappa, R. and Subrahmanian, V. S. and Udrea, O.}, 
    journal = {{I}{E}{E}{E} {T}ransactions on {C}ircuits and {S}ystems 
                for {V}ideo {T}echnology}, 
    title   = {Machine Recognition of Human Activities: A Survey}, 
    year    = {2008}, 
    volume  = {18}, 
    number  = {11}, 
    pages   = {1473--1488}, 
}

@article{remagnino07surveillance,
    author    = {Remagnino, Paolo and Velastin, SergioA. and Foresti, 
                    GianLuca and Trivedi, Mohan},
    title     = {Novel concepts and challenges for the next generation 
                    of video surveillance systems},
    journal   = {{M}achine {V}ision and {A}pplications ({M}{V}{A})},
    volume    = {18},
    number    = {3--4},
    publisher = {Springer-Verlag},
    pages     = {135--137},
    year      = {2007},
}

@article{yu07appearance,
    author    = {Yu, Yang and Harwood, David and Yoon, Kyongil and Davis, LarryS.},
    title     = {Human appearance modeling for matching across video sequences},
    year      = {2007},
    journal   = {{M}achine {V}ision and {A}pplications ({M}{V}{A})},
    volume    = {18},
    number    = {3--4},
    publisher = {Springer-Verlag},
    pages     = {139--149},
}

@article{georis07surveillance,
    author    = {Georis, B. and Brémond, F. and Thonnat, M.},
    title     = {Real-time control of video surveillance systems 
                    with program supervision techniques},
    year      = {2007},
    journal   = {{M}achine {V}ision and {A}pplications ({M}{V}{A})},
    volume    = {18},
    number    = {3--4},
    publisher = {Springer-Verlag},
    pages     = {189--205},
}

@article{vu03recognition,
    author    = {Vu, Van-Thinh and Brémond, François and Thonnat, Monique},
    title     = {Automatic Video Interpretation: A Recognition Algorithm 
                    for Temporal Scenarios Based on Pre-compiled Scenario Models},
    year      = {2003},
    booktitle = {Computer Vision Systems},
    volume    = {2626},
    publisher = {Springer Berlin Heidelberg},
    pages     = {523--533},
}

@article{fusier07recognition,
    author    = {Fusier, Florent and Valentin, Val{\'e}ry and 
                    Br{\'e}mond, Fran\c{c}ois and Thonnat, Monique and 
                    Borg, Mark and Thirde, David and Ferryman, James},
    title     = {Video understanding for complex activity recognition},
    journal   = {{M}achine {V}ision and {A}pplications ({M}{V}{A})},
    volume    = {18},
    number    = {3},
    year      = {2007},
    pages     = {167--188},
    publisher = {Springer-Verlag New York, Inc.},
} 

@article{park07activity,
    author    = {Park, Sangho and Trivedi, MohanM.},
    title     = {Multi-person interaction and activity analysis: 
                    a synergistic track- and body-level analysis framework},
    year      = {2007},
    journal   = {{M}achine {V}ision and {A}pplications ({M}{V}{A})},
    volume    = {18},
    number    = {3--4},
    publisher = {Springer-Verlag},
    pages     = {151--166},
}

@inproceedings{yang10recognition-with-latent-poses,
    author    = {Weilong Yang and Yang Wang and Mori, G.},
    title     = {Recognizing human actions from still images with latent poses},
    booktitle = {{I}{E}{E}{E} {I}nternational {C}onference on {C}omputer 
                    {V}ision and {P}attern {R}ecognition ({C}{V}{P}{R})},
    year      = {2010},
    pages     = {2030--2037},
}





