@article{McCall_videobased,
  author    = {Joel C. McCall and Mohan M. Trivedi},
  title     = {Video-based lane estimation and tracking for driver assistance:
               survey, system, and evaluation},
  journal   = {IEEE Transactions on Intelligent Transportation Systems},
  volume    = {7},
  number    = {1},
  year      = {2006},
  pages     = {20-37},
}
@Book{mvg_book, 
    author = "Hartley, R.~I. and Zisserman, A.",
    title = "{Multiple View Geometry in Computer Vision}",
    edition = "Second",
    year = "2004",
    publisher = "Cambridge University Press.",
}
@inproceedings{huang2008rss,
    author = {Albert S. Huang and David Moore and Matthew Antone and Edwin Olson and Seth Teller},
    title = {Multi-Sensor Lane Finding in Urban Road Networks},
    booktitle = {{Robotics: Science and Systems (RSS)}},
    month = {Jun.},
    year = {2008},
    address = {Zurich, Switzerland}
}
@article{Marzotto2010,
title = "A real-time versatile roadway path extraction and tracking on an FPGA platform",
journal = "Computer Vision and Image Understanding",
volume = "In Press, Corrected Proof",
number = "",
year = "2010",
note = "",
issn = "1077-3142",
doi = "DOI: 10.1016/j.cviu.2010.03.015",
author = "Roberto Marzotto and Paul Zoratti and Daniele Bagni and Andrea Colombari and Vittorio Murino",
}

@article{Hsiao20092089,
author={Pei-Yung Hsiao and Chun-Wei Yeh and Shih-Shinh Huang and Li-Chen Fu},
title={A portable vision-based real-time lane departure warning system: Day and night},
journal={IEEE Transactions on Vehicular Technology},
year={2009},
volume={58},
number={4},
pages={2089-2094},
}

@CONFERENCE{Kluge1994109,
author={Kluge, Karl},
title={Extracting road curvature and orientation from image edge points without perceptual grouping into features},
journal={Intelligent Vehicles Symposium, Proceedings},
year={1994},
pages={109-114},
document_type={Conference Paper},
}

@misc{Mercedes,
	author = "Daimler",
  title = "Lane Keeping Assist: Steering wheel vibrates to warn the driver if the car leaves its lane unintentionally",
  note = "Information available at \url{http://media.daimler.com/dcmedia/0-921-614216-1-1147529-1-0-0-0-0-0-11702-0-0-1-0-0-0-0-0.html}",
  year = 2008
}

@misc{ConnectedComponent,
	author = "Wikipedia",
  title = "Connected Component Labeling",
  note = "Information available at \url{http://en.wikipedia.org/wiki/Connected_Component_Labeling}",
  year = 2008
}

@article{ransac,
 author = {Martin A. Fischler and Robert C. Bolles},
 title = {Random sample consensus: a paradigm for model fitting with applications to image analysis and automated cartography},
 journal = {Communications of the ACM},
 volume = {24},
 number = {6},
 year = {1981},
 issn = {0001-0782},
 pages = {381--395},
 doi = {http://doi.acm.org/10.1145/358669.358692},
 publisher = {ACM},
 address = {New York, NY, USA},
}

@article{Wang2010113,
author={Jyun-Guo Wang and Cheng-Jian Lin and Shyi-Ming Chen},
title={Applying fuzzy method to vision-based lane detection and departure 
warning system},
journal={Expert Systems with Applications},
year={2010},
volume={37},
number={1},
pages={113-126},
}

@misc{FocalLength,
	author = "Noah Snavely",
  title = "Estimating the focal length of a photo from EXIF tags",
  note = "Information available at \url{http://phototour.cs.washington.edu/focal.html}",
  year = 2008
}


